@book{knots-links-and-their-invariants,
	title = {Knots, Links and Their Invariants: An Elementary Course in
	         Contemporary Knot Theory},
	author = {Sossinsky, A. B.},
	isbn = {9781470471514},
	lccn = {2022051584},
	series = {Student Mathematical Library},
	year = {2023},
	publisher = {American Mathematical Society},
}

@article{on-the-vassiliev-knot-invariants,
	title = {On the Vassiliev knot invariants},
	journal = {Topology},
	volume = {34},
	number = {2},
	pages = {423-472},
	year = {1995},
	issn = {0040-9383},
	doi = {https://doi.org/10.1016/0040-9383(95)93237-2},
	url = {
	       https://www.sciencedirect.com/science/article/pii/0040938395932372
	       },
	author = {Dror Bar-Natan},
}

@book{complements-of-discriminants-of-smooth-maps-topology-and-applications,
	isbn = {0821845551},
	keywords = {Loop spaces ; Low-dimensional topology},
	publisher = {American Mathematical Society},
	author = {Vassiliev, V. A.},
	address = {Providence, R.I},
	booktitle = {Complements of discriminants of smooth maps : topology and
	             applications},
	series = {Translations of mathematical monographs, v. 98},
	title = {Complements of discriminants of smooth maps : topology and
	         applications },
	year = {1992},
}

@inbook{cohomology-of-knot-spaces,
	author = {Vassiliev, V. A.},
	year = {1990},
	month = {12},
	pages = {23-70},
	booktitle = {Cohomology of knot spaces},
	isbn = {9780821841006},
	doi = {10.1090/advsov/001/03},
}

@book{knots-mathematics-with-a-twist,
	author = {Sossinsky, A. B.},
	publisher = {Harvard University Press},
	booktitle = {Knots : Mathematics with a Twist},
	isbn = {0674013816},
	year = {2002},
	title = {Knots : mathematics with a twist},
}

@book{enveloping-algebras,
	title = {Enveloping Algebras},
	author = {Dixmier, J.},
	isbn = {9780720404302},
	lccn = {76002622},
	series = {North-Holland mathematical library},
	url = {https://books.google.com.au/books?id=Dl4ljyqGG9wC},
	year = {1977},
	publisher = {North-Holland Publishing Company},
}

@article{finite-type-invariants-of-w-knotted-objects-I,
	author = {Dror Bar-Natan and Zsuzsanna Dancso},
	title = {{Finite-type invariants of w-knotted objects, I: w-knots and
	         the Alexander polynomial}},
	volume = {16},
	journal = {Algebraic & Geometric Topology},
	number = {2},
	publisher = {MSP},
	pages = {1063 -- 1133},
	keywords = {Alexander polynomial, associators, finite-type invariants,
	            free Lie algebras, Kashiwara–Vergne, knotted graphs, Virtual
	            knots, w-braids, welded knots, w-knots, w-tangles},
	year = {2016},
	doi = {10.2140/agt.2016.16.1063},
	URL = {https://doi.org/10.2140/agt.2016.16.1063},
}


@article{finite-type-invariants-of-w-knotted-objects-II,
	title = "Finite type invariants of w-knotted objects II: tangles, foams
	         and the Kashiwara–Vergne problem",
	keywords = "57M25",
	author = "Dror Bar-Natan and Zsuzsanna Dancso",
	year = "2017",
	month = apr,
	day = "1",
	doi = "10.1007/s00208-016-1388-z",
	language = "English",
	volume = "367",
	pages = "1517--1586",
	journal = "Mathematische Annalen",
	issn = "0025-5831",
	publisher = "Springer",
	number = "3-4",
}

@article{the-kashiwara-vergne-conjecture-and-drinfelds-associators,
	title = {The Kashiwara-Vergne conjecture and Drinfeld’s associators},
	author = {Anton Y. Alekseev and Charles Torossian},
	journal = {Annals of Mathematics},
	year = {2008},
	volume = {175},
	pages = {415-463},
	url = {https://www.jstor.org/stable/pdf/23234620.pdf},
}

@book{introduction-to-vassiliev-invariants,
	place = {Cambridge},
	title = {Introduction to Vassiliev Knot Invariants},
	publisher = {Cambridge University Press},
	author = {Chmutov, S. and Duzhin, S. and Mostovoy, J.},
	year = {2012},
}

@online{the-fundamental-theorem-of-vassiliev-invariants,
	Author = {Dror Bar-Natan and Alexander Stoimenow},
	Title = {The Fundamental Theorem of Vassiliev Invariants},
	Year = {1997},
	Eprint = {q-alg/9702009},
	Eprinttype = {arXiv},
}
